
@online{JupyterLab,
  title = {{{JupyterLab}}},
  url = {http://localhost:8888/lab},
  urldate = {2020-12-01},
  file = {/home/marvin/Zotero/storage/743GADHG/lab.html}
}

@misc{mini-circuitsZX732500VoltageVariable,
  title = {{{ZX73}}-2500+ {{Voltage Variable Attenuator}}},
  author = {Mini-Circuits},
  annotation = {Datasheet}
}

@online{NewDashboardCopy,
  title = {New Dashboard {{Copy}} - {{Grafana}}},
  url = {http://172.23.62.107:3000/d/gLSq4TTMk/new-dashboard-copy?orgId=1&from=now-30d&to=now},
  urldate = {2020-11-30},
  file = {/home/marvin/Zotero/storage/83MCRDB3/new-dashboard-copy.html}
}

@article{waughLowCostSurfaceMount1992,
  title = {A {{Low}}-{{Cost Surface Mount PIN Diode}} \$\textbackslash pi\$ {{Attenuator}}},
  author = {Waugh, Raymond W.},
  date = {1992},
  shortjournal = {Microwave Journal},
  volume = {35},
  pages = {280--284},
  number = {5}
}